<?xml version="1.0" encoding="UTF-8"?><collection xmlns="http://www.loc.gov/MARC21/slim"><record><leader>00505nam--2200169-i-4500</leader><controlfield tag="001">000011268</controlfield><controlfield tag="002">20161230</controlfield><controlfield tag="005">20161230201029</controlfield><controlfield tag="008">060222s1000------------r-----000-0-eng-d</controlfield><datafield ind1=" " ind2=" " tag="040"><subfield code="a">IFIN-HH</subfield></datafield><datafield ind1=" " ind2=" " tag="080"><subfield code="a">539.2:539.172.3</subfield></datafield><datafield ind1="1" ind2=" " tag="100"><subfield code="a">Bancroft, G.M</subfield></datafield><datafield ind1="1" ind2="0" tag="245"><subfield code="a">Mossbauer spectroscopy</subfield><subfield code="b">An introduction for inorganic chemists and geochemists</subfield><subfield code="c">G.m. bancroft</subfield></datafield><datafield ind1=" " ind2=" " tag="260"><subfield code="a">New York</subfield><subfield code="b">Mcgraw-hill Book Co.(Uk) Ltd</subfield><subfield code="c">1973</subfield></datafield><datafield ind1=" " ind2=" " tag="300"><subfield code="a">XII + 251 P</subfield></datafield><datafield ind1=" " ind2=" " tag="852"><subfield code="a">41969</subfield><subfield code="c">539.163.2</subfield></datafield><datafield ind1=" " ind2=" " tag="CAT"><subfield code="a">Sys</subfield><subfield code="c">20120524</subfield><subfield code="h">160857</subfield></datafield></record></collection>